@misc{
Suvasa:11:gnulogo,
    Author = {Etienne Suvasa},
    Title = {GNU logo},
    Year = {2011},
    Month = {October},
    URL = {https://en.wikipedia.org/wiki/File:Heckert_GNU_white.svg},
    howpublished = {Free Art License}
}

@misc{
WiiBrew:08:WiiMoteUncovered,
	author = {Stoops, Michael},
	title = {Wii Remote Uncovered},
	year = {2008},
	month = {December},
	URL = {http://wiibrew.org/wiki/File:Wii_Remote_uncovered.jpg},
    howpublished = {GNU Free Documentation License 1.2}
}

@misc{
wiki:Wii_Remote_Image,
    author = {Orlando, Greyson},
    title = {Wii Remote Image},
    year = {2010},
    month = {September},
    url = {http://en.wikipedia.org/wiki/File:Wiimote.png},
    howpublished = {Creative Commons BY-SA 3.0 via Wikipedia}
}
